@incollection{deeds,
  author={Lee, Insup and Leung, Joseph Y-T. and Son, Sang H.},
  title = "DeeDS NG: Architecture, Design, and Sample Application Scenario ",
  pages = "29.1--29.17",
  booktitle = "Handbook of Real-Time and Embedded Systems",
  
  publisher={Chapman {\&} Hall/CRC},
  year = "2008"
}

@book{Syber2007,
	author={Syberfeldt, Sanny},
	title={Optimistic replication with forward conflict resolution in distributed real-time databases},
	publisher={Department of Computer and Information Science, Link{\"o}pings universitet},
	address={Link{\"o}ping},
	year={2007},
	ISBN={978-91-85895-27-4},
	keywords={Distribuerade system Realtidssystem Databashantering},
	note={Diss. Link{\"o}ping : Link{\"o}pings universitet, 2007},
}
